@misc{motion,
title = {Home surveillance and motion detection with the Raspberry Pi, Python, OpenCV, and Dropbox},
author = {Adrian Rosebrock},
howpublished = {\url{https://bit.ly/2HUIid2}},
year = {2015},
note = {Retrieved on April 2, 2018.}
}
@misc{opencv,
  title={Open Source Computer Vision Library},
  author={Itseez},
  year={2015},
  howpublished = {\url{https://github.com/itseez/opencv}}
}
@inproceedings{Mauri:2017:RVP:3125571.3125585,
 author = {Mauri, Michele and Elli, Tommaso and Caviglia, Giorgio and Uboldi, Giorgio and Azzi, Matteo},
 title = {RAWGraphs: A Visualisation Platform to Create Open Outputs},
 booktitle = {Proceedings of the 12th Biannual Conference on Italian SIGCHI Chapter},
 series = {CHItaly '17},
 year = {2017},
 isbn = {978-1-4503-5237-6},
 location = {Cagliari, Italy},
 pages = {28:1--28:5},
 articleno = {28},
 numpages = {5},
 url = {http://doi.acm.org/10.1145/3125571.3125585},
 doi = {10.1145/3125571.3125585},
 acmid = {3125585},
 publisher = {ACM},
 address = {New York, NY, USA},
 keywords = {Visualization tools, data visualization, open output, visual interface},
}
@article{mckinney2014pandas,
  title={Pandas, python data analysis library. 2015},
  author={McKinney, W},
  journal={Reference Source},
  year={2014}
}